@book{benkler:2006,
author = {Benkler, Yochai},
pages = {528},
publisher = {Yale University Press},
title = {{The Wealth of Networks: How Social Production Transforms Markets and Freedom}},
year = {2006}
}

@book{Blank2012,
author = {Blank, Steve Gary and Dorf, Bob},
publisher = {K\&S Ranch, Incorporated},
title = {{The startup owner's manual: the step-by-step guide for building a great company}},
year = {2012}
}

@book{unece:2012,
author = {United Nations Economic Commission for Europe},
isbn = {978-92-1-117056-6},
publisher = {UNECE-UN},
title = {{Fostering Innovative Entrepreneurship - Challenges and policy options}},
year = {2012}
}

@misc{crunchbase:2014,
author = {Crunchbase},
title = {{CrunchBase - The Business Graph}},
url = {http://www.crunchbase.com},
urldate = {20/01/2014},
year = {2014}
}

@book{goldman:2005,
author = {Goldman, Ron and Gabriel, Richard P.},
isbn = {1558608893},
pages = {402},
publisher = {Morgan Kaufmann},
title = {{Innovation Happens Elsewhere: Open Source as Business Strategy}},
year = {2005}
}

@book{ries:2011,
author = {Ries, Eric},
pages = {336},
publisher = {Crown Publishing Group},
title = {{The Lean Startup: How Today's Entrepreneurs Use Continuous Innovation to Create Radically Successful Businesses}},
year = {2011}
}

@book{Chesbrough2008,
author = {Chesbrough, Henry and Vanhaverbeke, Wim and West, Joel},
publisher = {Oxford university press},
title = {{Open Innovation: Researching a New Paradigm}},
year = {2008}
}

@book{Mowery2004,
author = {Mowery, David C},
publisher = {Stanford University Press},
title = {{Ivory tower and industrial innovation: university-industry technology transfer before and after the Bayh-Dole act in the United States}},
year = {2004}
}

