@misc{CATHEDRAL,
    title="The Cathedral and the Bazaar",
    author="Eric S. Raymond",
    year="1997",
    url ={http://www.catb.org/~esr/writings/cathedral-bazaar/cathedral-bazaar},
    lastchecked = "17 out 2008",
}

@misc{QUAL1,
    title="State of the art concerning integration of Open Source into industrial systems",
    author="Franz Kudorfer and Matthias Grützner and Clara Pezuela and Jean-Pierre Laisné",
    year="2008",
    note="\url{http://www.qualipso.org} Acesso em: 17 out 2008",
}

@misc{QUAL2,
    title="Analysis of the clusters of Open Source processes in FLOSS Communities and in companies",
    author="Siemens and {Free University of Bolzano} and {University Rey Juan Carlos}",
    year="2007",
    note="\url{http://www.qualipso.org} Acesso em: 17 out 2008",
}

@misc{QUAL3,
    title="State of the art concerning strategies for industry towards Open Source communities and vice versa",
    author="Clara Pezuela and Guenter Böckle and Franz Kudorfer and Jean-Pierre Laisné and Miao Guo",
    year="2008",
    url = {http://www.qualipso.org},
    lastchecked = "17 out 2008",
}

@misc{QUAL4,
    title="State of the art concerning business models for systems comprising open source software",
    author="Franz Kudorfer and Jean-Pierre Laisné and Stéphane Laurière and Jürgen Lichtenthäler and Grégory Lopez and Clara Pezuela",
    year="2008",
    url = {http://www.qualipso.org},
    lastchecked = "17 out 2008",
}

@misc{QUAL5,
    title="Scenarios and Problems when Using Open Source in Commercial Environments - Version 1",
    author="Franz Kudorfer and Marion Wittmann",
    year="2007",
    url = {http://www.qualipso.org},
    lastchecked = "17 out 2008",
}

@book{RISHAB,
    title="Collaboration, Ownership and the Digital Economy",
    editor="Ghosh, Rishab Aiyer",
    year="2005",
    publisher="MIT Press",
    address="Cambridge",
}

@misc{FGV,
	Author = {Joaquim Falc{\~a}o and Tercio Sampaio Ferraz Junior and Ronaldo Lemos and Juliano Maranh{\~a}o and Carlos Affonso Pereira de Sousa and Eduardo Senna},
	Date-Added = {2008-06-22 20:24:05 -0300},
	Date-Modified = {2008-06-22 20:25:34 -0300},
	Month = {Mar{\c c}o},
	Title = {Estudo sobre o Software Livre},
	Year = {2005}
}

@misc{sun,
  Author = {{Sun Microsystems}},
  Date-Added = {2008-06-22 17:50:21 -0300},
  Date-Modified = {2008-09-16 23:46:48 -0300},
  Month = {Dezembro},
  Title = {Free and Open Source Licensing},
  Year = {2006}
}

@book{benkler,
	Address = {New Haven},
	Author = {Yochai Benkler},
	Date-Added = {2008-06-22 17:36:15 -0300},
	Date-Modified = {2008-06-22 19:26:15 -0300},
	Publisher = {Yale University Press},
	Title = {The Wealth of Networks: How Social Production Transforms Markets and Freedom},
	Year = {2006}
}

@techreport{kon,
	Address = {São Paulo},
	Author = {Fabio Kon},
	Date-Added = {2008-06-22 17:28:49 -0300},
	Date-Modified = {2008-06-22 19:31:54 -0300},
	Institution = {Instituto de Matemática e Estatística da Universidade de São Paulo},
	Title = {O Software Aberto e a Questão Social},
	Year = {2001},
    Month = "maio",
    number = {RT-MAC-2001-07},
    url = {http://www.ime.usp.br/~kon/papers/RT-SoftwareAberto.pdf},
    lastchecked = "24 abr 2009",
}

@book{taurion,
	Address = {Rio de Janeiro},
	Author = {Cezar Taurion},
	Date-Added = {2008-06-22 17:27:53 -0300},
	Date-Modified = {2008-06-22 19:30:41 -0300},
	Publisher = {Brasport},
	Title = {Software Livre: Potencialidades e Modelos de Neg{\'o}cio},
	Year = {2004}
}

%Paulo: para a referencia "OS" use "dibona:1999"

@book{weber,
	Address = {Cambridge},
	Author = {Steven Weber},
	Date-Added = {2008-06-22 17:25:22 -0300},
	Date-Modified = {2008-06-22 19:31:08 -0300},
	Publisher = {Harvard University Press},
	Title = {The Success of Open Source},
	Year = {2004}
}

@book{laurent,
	Address = {Sebastopol},
	Author = {Andrew M. St. Laurent},
	Date-Added = {2008-06-22 17:21:20 -0300},
	Date-Modified = {2008-06-22 19:28:54 -0300},
	Publisher = {O'Reilly},
	Title = {Understanding Open Source \& Free Software Licensing},
	Year = {2004}
}

@book{rosen,
	Address = {New Jersey},
	Author = {Lawrence Rosen},
	Date-Added = {2008-06-22 17:19:44 -0300},
	Date-Modified = {2008-06-22 19:29:46 -0300},
	Publisher = {Prentice Hall},
	Title = {Open Source Licensing: Software Freedom and Intellectual Property Law},
	Year = {2005}
}

@misc{imre,
    Author = "Simon, Imre and Vieira, Miguel Said",
    Title = " A propriedade intelectual diante da emergência da produção social",
    Year = 2007,
    url = {http://www.ime.usp.br/~is/papir/pips-19mar07.pdf},
    lastchecked = "24 abr 2009",
    note = {Este artigo também foi publicado na coletânea intitulada \emph{Propriedade intelectual: tensões entre o capital e a sociedade}, organizada por Fábio Villares, editada pela Paz e Terra em 2007.},
}

@article{businessacm,
    Author = "Richard T. Watson and Marie-Claude Boudreau and Paul T. York and Martina E. Greiner and Donald Wynn, Jr.",
    Title = "The Business of Open Source",
    Year = 2008,
    month = "April",
    pages = "41--46",
    journal = "Communications of the ACM",
    volume = 51,
    number = 4,
}

@webpage{osorcomp,
    Key = {{OSOR}},
	Author = {{Open Source Observatory and Repository}},
	Date-Added = {2011-02-06 16:45:09 -0200},
	Date-Modified = {2011-02-06 16:46:19 -0200},
	Lastchecked = {05 fev 2011},
	Title = {{License Compatibility and Interoperability}},
	Url = {http://www.osor.eu/legal-questions-1/licence-compatibility-and-interoperability},
	Bdsk-Url-1 = {http://www.osor.eu/legal-questions-1/faqs-related-to-legal-issues},
}
	
@article{determann,
	Author = {Lothar Determann},
	Date-Added = {2009-11-30 01:45:48 -0200},
	Date-Modified = {2009-11-30 01:47:03 -0200},
	Journal = {Berkeley Technology Law Journal},
	Number = {4},
	Title = {Dangerous Liaisons - Software Combinations as Derivative Works?},
	Volume = {21},
	Year = {2006}}
	
@webpage{qt-gpl,
    Key = {{Nokia-GPL}},
	Author = {Nokia},
	Date-Added = {2011-02-23 12:41:35 -0300},
	Date-Modified = {2011-02-23 12:41:35 -0300},
	Lastchecked = {23/02/2011},
	Title = {{Qt GPL Exception Version 1.3}},
	Url = {http://doc.trolltech.com/4.4/license-gpl-exceptions.html},
	Bdsk-Url-1 = {http://licensator.appspot.com/},
}

@webpage{qt-qpl,
    Key = {{Nokia-QPL}},
	Author = {Trolltech},
	Date-Added = {2011-02-23 12:41:31 -0300},
	Date-Modified = {2011-02-23 12:42:26 -0300},
	Lastchecked = {23/02/2011},
	Title = {{The Q Public License}},
	Url = {http://doc.qt.nokia.com/3.3/license.html},
	Bdsk-Url-1 = {http://licensator.appspot.com/},
}

@webpage{qt-kde,
	Author = {David Sweet and others},
	Date-Added = {2011-02-23 03:22:35 -0300},
	Date-Modified = {2011-02-23 03:24:11 -0300},
	Lastchecked = {23/02/2011},
	Title = {{The KDE/Qt License History}},
	Url = {http://tinf2.vub.ac.be/~dvermeir/manuals/KDE20Development-html/ch19lev1sec4.html},
	Bdsk-Url-1 = {http://licensator.appspot.com/},
}

@webpage{qt-freeqt,
	Author = {{KDE}},
	Date-Added = {2011-02-23 03:22:30 -0300},
	Date-Modified = {2011-02-23 12:43:01 -0300},
	Lastchecked = {23/02/2011},
	Title = {{KDE Free Qt Foundation}},
	Url = {http://www.kde.org/community/whatiskde/kdefreeqtfoundation.php},
	Bdsk-Url-1 = {http://licensator.appspot.com/},
}

@webpage{qt-lgpl,
    Key = {{Nokia-LGPL}},
	Author = {Nokia},
	Date-Added = {2011-02-23 03:22:25 -0300},
	Date-Modified = {2011-02-23 03:25:50 -0300},
	Lastchecked = {23/02/2011},
	Title = {{LGPL License Option Added to Qt}},
	Url = {http://qt.nokia.com/about/news/lgpl-license-option-added-to-qt},
	Bdsk-Url-1 = {http://licensator.appspot.com/},
}
	
@webpage{qt-license,
    Key = {{Nokia-QT}},
	Author = {Nokia},
	Date-Added = {2011-02-20 22:59:48 -0300},
	Date-Modified = {2011-02-23 03:26:46 -0300},
	Lastchecked = {23/02/2011},
	Title = {{Qt Licensing}},
	Url = {http://qt.nokia.com/products/licensing},
	Bdsk-Url-1 = {http://licensator.appspot.com/},
}

@inproceedings{evolution,
	Acmid = {1806824},
	Address = {New York, NY, USA},
	Author = {Di Penta, Massimiliano and German, Daniel M. and Gu\'{e}h\'{e}neuc, Yann-Ga\"{e}l and Antoniol, Giuliano},
	Booktitle = {Proceedings of the 32nd ACM/IEEE International Conference on Software Engineering - Volume 1},
	Doi = {http://doi.acm.org/10.1145/1806799.1806824},
	Isbn = {978-1-60558-719-6},
	Keywords = {empirical study, evolution, mining software repositories, open source systems, software licenses},
	Location = {Cape Town, South Africa},
	Numpages = {10},
	Pages = {145--154},
	Publisher = {ACM},
	Series = {ICSE '10},
	Title = {An exploratory study of the evolution of software licensing},
	Url = {http://doi.acm.org/10.1145/1806799.1806824},
	Year = {2010},
	Bdsk-Url-1 = {http://doi.acm.org/10.1145/1806799.1806824}
}


@misc{rasch:2000,
  author = {Chris Rasch},
  howpublished = {Web site},
  title = {A Brief History of Free/Open Source Software Movement},
  url = {http://www.openknowledge.org/writing/open-source/scb/brief-open-source-history.html},
  year = 2000,
  biburl = {http://www.bibsonomy.org/bibtex/2c69f0254eb7b14f4cbfebf2be5030b97/magsilva},
  month = {December}
}

@book{Barahona:2009,
   author = {Jesús M. González-Barahona and Joaquín Seoane Pascual and Gregorio Robles},
   title =  {Introduction to Free Software},
   edition = {Third edition},
   publisher = {Fundación per a la Universitat Oberta de Catalunya},
   month = {September},
   year = {2009},
   pages = {291},
   url = {http://materials.cv.uoc.edu/continguts/PID_00148365/index.html},
   howpublished = {Web site}
}

@misc{newman:1999,
  author = {Nathan Newman},
  howpublished = {Web site},
  title = {The Origins and Future of Open Source Software},
  url = {http://www.netaction.org/opensrc/future/},
  year = 1999,
  month = {December}
}

@book{dibona:1999,
  address = {Sebastopol, CA, USA},
  editor = {Chris DiBona and Sam Ockman and Mark Stone},
  publisher = {O'Reilly \& Associates, Inc.},
  title = {Open Sources: Voices from the Open Source Revolution},
  year = 1999,
  isbn = {1565925823},
  biburl = {http://www.bibsonomy.org/bibtex/2b6991f05c973d4d90eb193445004ef4c/chrmina}
}

@webpage{osi:1999,
  author = {{The Open Source Initiative - OSI}},
  title = {{History of the OSI}},
  url = {http://www.opensource.org/history},
  year = 1999,	
  lastchecked = {29 mar 2011}
}

@webpage{welke:1998,
  author = {Larry Welke},
  title = {How the ICP Directory Began},
  url = {http://www.softwarehistory.org/history/Welke1.html},
  year = 1998,
  lastchecked = {29 mar 2011}
}

@webpage{hasan:1999,
  author = {Ragib Hasan},
  title = {History of Linux},
  url = {https://netfiles.uiuc.edu/rhasan/linux/},
  year = 1999, 	
  lastchecked = {29 mar 2011}
}

@book{torvalds:2002,
  author = {Linus Torvalds and David Diamond},
  edition = {Reprint},
  pages = 288,
  publisher = {HarperCollins Publishers},
  title = {Just for Fun: The Story of an Accidental Revolutionary},
  year = 2002,
  isbn = {0066620732},
  biburl = {http://www.bibsonomy.org/bibtex/2d5f7279f22c854cc96752942e65cefae/baumgartner},
  month = {June}
}

@article{grad:2002,
author = {Burton Grad},
title = {A Personal Recollection: {IBM}'s Unbundling of Software and Services},
journal ={IEEE Annals of the History of Computing},
volume = {24},
issn = {1058-6180},
year = {2002},
pages = {64-71},
doi = {http://doi.ieeecomputersociety.org/10.1109/85.988583},
publisher = {IEEE Computer Society},
address = {Los Alamitos, CA, USA},
}

@inbook{stallman:1990,
 author = {Stallman, Richard M.},
 title = {The {GNU} manifesto},
 book = {Computers, ethics, \& society},
 year = {1990},
 isbn = {0-19-505850-X},
 pages = {308--317},
 numpages = {10},
 url = {http://portal.acm.org/citation.cfm?id=77685.77850},
 acmid = {77850},
 publisher = {Oxford University Press, Inc.},
 address = {New York, NY, USA},
} 

@article{wasserman:2011,
    author = {Anthony I. Wasserman},
    title = {How the Internet Transformed the Software Industry},
    journal ={Journal of Internet Services and Applications},
    volume = {2},
    number = {1},
    year = {2011},
    pages = {}, 
    publisher = {Springer},
    address = {}
}


@booklet{FLOSSImpact,
    author = "Rishab Aiyer Ghosh and others",
    Title = "Economic impact of open source software on innovation and the competitiveness of the Information and Communication Technologies ({ICT}) sector in the {EU}",
    Year = 2006,
    howpublished = "Relatório de Estudo",
    url = {http://www.flossimpact.eu},
    lastchecked = "29 mar 2011",
}

@misc{stallman:patents,
    author = {Richard Stallman},
    title = {Software patents -- Obstacles to software development},
    url = {http://www.cl.cam.ac.uk/~mgk25/stallman-patents.html},
    lastchecked = "29 mar 2011",
    howpublished_en = "Spoken presentation",
    howpublished = "Palestra",
    year = 2002,
}

@misc{leipatente,
    author = "{PRESIDÊNCIA DA REPÚBLICA}",
    title = "{Lei Número 9.279, de 14 de maio de 1996}",
    year = 1996,
    url = {http://www.planalto.gov.br/ccivil/leis/l9279.htm},
    lastchecked = "29 mar 2011",
}

@Article{simon:08,
  author = {Imre Simon and Miguel Said Vieira},
  title = {{O rossio não rival}},
  journal = {Disponível em
    \small{\url{http://www.ime.usp.br/~is/papir/RNR_v9.pdf}}},
  year = {2008}
}

@Article{castells:06,
  author = {Manuel Castells},
  title = {{A Era da Intercomunicação}},
  journal = {Le Monde Diplomatique Brasil},
  volume = {Agosto 2006},
  year = {2006}
}

@article{meirelles:2010,
author = {Paulo Meirelles and Carlos Santos Jr. and Joao Miranda and Fabio Kon and Antonio Terceiro and Christina Chavez},
title = {A Study of the Relationships between Source Code Metrics and Attractiveness in Free Software Projects},
journal ={Software Engineering, Brazilian Symposium on},
volume = {0},
isbn = {978-0-7695-4273-7},
year = {2010},
pages = {11-20},
doi = {http://doi.ieeecomputersociety.org/10.1109/SBES.2010.27},
publisher = {IEEE Computer Society},
address = {Los Alamitos, CA, USA}
}

@book{martin:2008,
  title = {Clean Code - A Handbook of Agile Software Craftsmanship},
  publisher = {Prentice Hall},
  year = {2008},
  author = {Robert C. Martin}
}

@book{beck:2007,
  title = {Implementation Pattens},
  publisher = {Addison Wesley},
  year = {2007},
  author = {Kent Beck}
}

@inproceedings{terceiro:2010,
 author = {Terceiro, Antonio and Rios, Luiz Romario and Chavez, Christina},
 title = {An Empirical Study on the Structural Complexity Introduced by Core and Peripheral Developers in Free Software Projects},
 booktitle = {Proceedings of the 2010 Brazilian Symposium on Software Engineering},
 series = {SBES '10},
 year = {2010},
 isbn = {978-0-7695-4273-7},
 pages = {21--29},
 numpages = {9},
 doi = {http://dx.doi.org/10.1109/SBES.2010.26},
 acmid = {1916014},
 publisher = {IEEE Computer Society},
 address = {Washington, DC, USA},
 keywords = {Empirical Software Engineering, Structural Complexity, Free Software, Open Source software, FLOSS, Core and Periphery},
} 

@MastersThesis{corbucci:2011,
  author = 	 {Hugo Corbucci},
  title = 	 {Métodos ágeis e software livre: um estudo da relação entre estas duas comunidades},
  school = 	 {Instituto de Matemática e Estatística da Universidade de São Paulo},
  url = {https://github.com/hugocorbucci/dissertacao-mestrado},
  year = 	 {2011}
}

@Misc{Fowler00orig,
  author =	 {Martin Fowler},
  title =	 {The New Methodology},
  url = {http://martinfowler.com/articles/newMethodologyOriginal.html},
  note =	 {Original version.},
  year =         {2000},
  month =        {July}
}

@Misc{warsta2003,
  title =	{Is Open Source Software Development Essentially an
		 Agile Method?},
  author =	{Juhani Warsta and Pekka Abrahamsson},
  year = 	{2003},
  month =	{May},
  url =  	{http://agile.vtt.fi/docs/publications/2003/2003_oss.pdf}
}

@TechReport{Warsta2002,
  author =	 {Pekka Abrahamsson and Outi Salo and Jussi Ronkainen
                  and Juhani Warsta},
  title =	 {Agile software development methods},
  institution =	 {VTT Technical Research Center of Finland},
  year =	 {2002}
}
